@article{temp:boosting,
  author    = {Alfons Laarman and
               Jaco van de Pol and
               Michael Weber},
  title     = {Boosting Multi-Core Reachability Performance with Shared
               Hash Tables},
  journal   = {IEEE},
  volume    = {},
  year      = {2011}
}